@online{1711.00740,
    Author = {Miltiadis Allamanis and Marc Brockschmidt and Mahmoud Khademi},
    Title = {Learning to Represent Programs with Graphs},
    Year = {2017},
    Eprint = {1711.00740},
    Eprinttype = {arXiv},
}

@article{1611.08097,
    Author = {Michael M. Bronstein and Joan Bruna and Yann LeCun and Arthur Szlam and Pierre Vandergheynst},
    Title = {Geometric deep learning: going beyond Euclidean data},
    Year = {2016},
    Eprint = {1611.08097},
    Eprinttype = {arXiv},
    Doi = {10.1109/MSP.2017.2693418},
}

@article{1909.09436,
    Author = {Hamel Husain and Ho-Hsiang Wu and Tiferet Gazit and Miltiadis Allamanis and Marc Brockschmidt},
    Title = {CodeSearchNet Challenge: Evaluating the State of Semantic Code Search},
    Year = {2019},
    Eprint = {1909.09436},
    Eprinttype = {arXiv},
}

@article{1811.01824,
    Author = {Patrick Fernandes and Miltiadis Allamanis and Marc Brockschmidt},
    Title = {Structured Neural Summarization},
    Year = {2018},
    Eprint = {1811.01824},
    Eprinttype = {arXiv},
}

@article{1511.05493,
    Author = {Yujia Li and Daniel Tarlow and Marc Brockschmidt and Richard Zemel},
    Title = {Gated Graph Sequence Neural Networks},
    Year = {2015},
    Eprint = {1511.05493},
    Eprinttype = {arXiv},
}

@inproceedings{gu2018deep,
  title={Deep code search},
  author={Gu, Xiaodong and Zhang, Hongyu and Kim, Sunghun},
  booktitle={2018 IEEE/ACM 40th International Conference on Software Engineering (ICSE)},
  pages={933--944},
  year={2018},
  organization={IEEE}
}

@article{mitra2018introduction,
  title={An introduction to neural information retrieval},
  author={Mitra, Bhaskar and Craswell, Nick and others},
  journal={Foundations and Trends{\textregistered} in Information Retrieval},
  volume={13},
  number={1},
  pages={1--126},
  year={2018},
  publisher={Now Publishers, Inc.}
}
@article{gage1994new,
  title={A new algorithm for data compression},
  author={Gage, Philip},
  journal={The C Users Journal},
  volume={12},
  number={2},
  pages={23--38},
  year={1994},
  publisher={R \& D Publications, Inc.}
}

@inproceedings{sennrich2016neural,
  title={Neural machine translation of rare words with subword units},
  author={Sennrich, Rico and Haddow, Barry and Birch, Alexandra},
  booktitle=acl,
  year={2016}
}

@article{cho2014properties,
	title={On the Properties of Neural Machine Translation: Encoder--Decoder Approaches},
	author={Cho, Kyunghyun and van Merri{\"e}nboer, Bart and Bahdanau, Dzmitry and Bengio, Yoshua},
	journal={Syntax, Semantics and Structure in Statistical Translation},
	year={2014}
}


@article{kim2014convolutional,
  title={Convolutional neural networks for sentence classification},
  author={Kim, Yoon},
  journal={arXiv preprint arXiv:1408.5882},
  year={2014}
}

@inproceedings{vaswani2017attention,
  title={Attention is all you need},
  author={Vaswani, Ashish and Shazeer, Noam and Parmar, Niki and Uszkoreit, Jakob and Jones, Llion and Gomez, Aidan N and Kaiser, {\L}ukasz and Polosukhin, Illia},
  booktitle={Advances in Neural Information Processing Systems},
  pages={5998--6008},
  year={2017}
}



@article{1703.06103,
Author = {Michael Schlichtkrull and Thomas N. Kipf and Peter Bloem and Rianne van den Berg and Ivan Titov and Max Welling},
Title = {Modeling Relational Data with Graph Convolutional Networks},
Year = {2017},
Eprint = {1703.06103},
Eprinttype = {arXiv},
}

@article{1710.10903,
Author = {Petar Veličković and Guillem Cucurull and Arantxa Casanova and Adriana Romero and Pietro Liò and Yoshua Bengio},
Title = {Graph Attention Networks},
Year = {2017},
Eprint = {1710.10903},
Eprinttype = {arXiv},
}

@article{1709.07871,
Author = {Ethan Perez and Florian Strub and Harm de Vries and Vincent Dumoulin and Aaron Courville},
Title = {FiLM: Visual Reasoning with a General Conditioning Layer},
Year = {2017},
Eprint = {1709.07871},
Eprinttype = {arXiv},
}

@online{1810.00826,
Author = {Keyulu Xu and Weihua Hu and Jure Leskovec and Stefanie Jegelka},
Title = {How Powerful are Graph Neural Networks?},
Year = {2018},
Eprint = {1810.00826},
Eprinttype = {arXiv},
}